@article{eriksson2008pothole,
  title={The pothole patrol: using a mobile sensor network for road surface monitoring},
  author={Eriksson, Jakob and Girod, Lewis and Hull, Bret and Newton, Ryan and Madden, Samuel and Balakrishnan, Hari},
  booktitle={Proceedings of the 6th international conference on Mobile systems, applications, and services},
  pages={29--39},
  year={2008}
}

@article{cong2013applying,
  title={Applying wavelet packet decomposition and one-class support vector machine on vehicle acceleration traces for road anomaly detection},
  author={Cong, Fengyu and Hautakangas, Hannu and Nieminen, Jukka and Mazhelis, Oleksiy and Perttunen, Mikko and Riekki, Jukka and Ristaniemi, Tapani},
  booktitle={International Symposium on Neural Networks},
  pages={291--299},
  year={2013},
  organization={Springer}
}

@article{kulkarni2014pothole,
  title={Pothole detection system using machine learning on Android},
  author={Kulkarni, Aniket and Mhalgi, Nitish and Gurnani, Sagar and Giri, Nupur},
  journal={International Journal of Emerging Technology and Advanced Engineering},
  volume={4},
  number={7},
  pages={360--364},
  year={2014},
  publisher={Citeseer}
}